<record xmlns='http://www.loc.gov/MARC21/slim'><leader>00905cim a22002412u 4500</leader><controlfield tag='001'>3603508</controlfield><controlfield tag='005'>20151214183313.0</controlfield><controlfield tag='007'>ss|lmnjluz|nuu</controlfield><controlfield tag='008'>991101s1990    nyunnn         l    eng d</controlfield><datafield ind1=' ' ind2=' ' tag='035'><subfield code='a'>(NIC)notisASG0573</subfield></datafield><datafield ind1=' ' ind2=' ' tag='035'><subfield code='a'>3603508</subfield></datafield><datafield ind1=' ' ind2=' ' tag='035'><subfield code='a'>(OCoLC)63901084</subfield></datafield><datafield ind1=' ' ind2=' ' tag='040'><subfield code='a'>NIC</subfield><subfield code='c'>NIC</subfield><subfield code='d'>NIC</subfield><subfield code='d'>NIC</subfield></datafield><datafield ind1='1' ind2=' ' tag='100'><subfield code='a'>Pasternak, E. B.</subfield><subfield code='q'>(Evgeniĭ Borisovich),</subfield><subfield code='d'>1923-</subfield></datafield><datafield ind1='1' ind2='4' tag='245'><subfield code='a'>The creation of Doctor Zhivago</subfield><subfield code='h'>[sound recording]</subfield></datafield><datafield ind1=' ' ind2=' ' tag='260'><subfield code='c'>1990.</subfield></datafield><datafield ind1=' ' ind2=' ' tag='300'><subfield code='a'>1 sound cassette (66 min.) :</subfield><subfield code='b'>analog, mono.</subfield></datafield><datafield ind1=' ' ind2=' ' tag='500'><subfield code='a'>Recorded in Ithaca, NY by Cornell University.</subfield></datafield><datafield ind1=' ' ind2=' ' tag='500'><subfield code='a'>Sponsored by: Department of Russian Literature,Soviet and East European Studies Program.</subfield></datafield><datafield ind1=' ' ind2=' ' tag='500'><subfield code='a'>Speaker(s): Eldest son of author of Doctor Zhivago, Senior Pasternak Scholar in the Soviet Union.</subfield></datafield><datafield ind1=' ' ind2=' ' tag='518'><subfield code='a'>Lecture, September 17, 1990, 4:30 pm, G-O8, Uris Hall.</subfield></datafield><datafield ind1='1' ind2=' ' tag='899'><subfield code='a'>CULectures</subfield></datafield><datafield ind1=' ' ind2=' ' tag='905'><subfield code='a'>20000503120000.0</subfield></datafield></record>